% book
% Required fields: author or editor, title, publisher, year.
% Optional fields: volume or number, series, address, edition, month, note.


% article
% Required fields: author, title, journal, year.
% Optional fields: volume, number, pages, month, note.


% conference
% Required fields: author, title, booktitle, year.
% Optional fields: editor, volume or number, series, pages, address, month, organization, publisher, note


% misc
% Required fields: none.
% Optional fields: author, title, howpublished, month, year, note.


@misc{feasibility:laserscanning,
	title = {\textsc{iRacing} track technology},
	howpublished = {\url{http://www.iracing.com/cars-and-tracks/track-technology/}\CHARnodot},
	note = {(last access \printdate{2017-9-21})}
}

@misc{feasibility:gametrix,
	title = {\textsc{Gametrix} jetseats},
	howpublished = {\url{https://www.gametrix.eu/}\CHARnodot},
	note = {(last access \printdate{2018-7-17})}
}

@misc{feasibility:buttkicker,
	title = {\textsc{buttkicker} transducers},
	howpublished = {\url{https://thebuttkicker.com/}\CHARnodot},
	note = {(last access \printdate{2018-7-17})}
}

@misc{feasibility:opends,
	title = {\textsc{OpenDS}},
	howpublished = {\url{https://www.opends.eu/home}\CHARnodot},
	note = {(last access \printdate{2017-9-20})}
}

@misc{feasibility:bullet,
	title = {\textsc{Bullet}},
	howpublished = {\url{http://bulletphysics.org/wordpress/}\CHARnodot},
	note = {(last access \printdate{2017-9-22})}
}

@misc{feasibility:opendsfeatures,
	title = {\textsc{OpenDS} features},
	howpublished = {\url{https://www.opends.eu/software/features}\CHARnodot},
	note = {(last access \printdate{2017-9-22})}
}

@misc{feasibility:opendstiers,
	title = {\textsc{OpenDS} tiers},
	howpublished = {\url{https://www.opends.eu/}\CHARnodot},
	note = {(last access \printdate{2017-9-22})}
}

@misc{feasibility:vdrift,
	title = {\textsc{VDrift}},
	howpublished = {\url{https://vdrift.net/}\CHARnodot},
	note = {(last access \printdate{2017-9-20})}
}

@misc{feasibility:unity,
	title = {\textsc{Unity}},
	howpublished = {\url{https://unity3d.com/}\CHARnodot},
	note = {(last access \printdate{2017-9-20})}
}

@misc{feasibility:projectcars,
	title = {\textsc{Project Cars}},
	howpublished = {\url{https://www.projectcarsgame.com/}\CHARnodot},
	note = {(last access \printdate{2017-9-20})}
}

@misc{feasibility:projectcarstires,
	title = {\textsc{Project Cars} over the limit},
	howpublished = {\url{https://www.projectcarsgame.com/project-cars-2-faq}\CHARnodot},
	note = {(last access \printdate{2017-9-25})}
}

@misc{feasibility:stisimdrive,
	title = {\textsc{STISIM Drive}},
	howpublished = {\url{http://stisimdrive.com/}\CHARnodot},
	note = {(last access \printdate{2017-9-25})}
}

@misc{feasibility:stisimdrivefeatures,
	title = {\textsc{STISIM Drive} features},
	howpublished = {\url{http://stisimdrive.com/research/}\CHARnodot},
	note = {(last access \printdate{2017-9-25})}
}

@misc{feasibility:scaner,
	title = {\textsc{SCANeR}},
	howpublished = {\url{http://stisimdrive.com/}\CHARnodot},
	note = {(last access \printdate{2017-9-29})}
}

@misc{feasibility:panthera,
	title = {\textsc{Panthera}},
	howpublished = {\url{http://www.cruden.com/#innerShape483__Shape483_Shape1165711}\CHARnodot},
	note = {(last access \printdate{2017-10-1})}
}

@misc{feasibility:pantheravr,
	title = {\textsc{Panthera} virtual reality},
	howpublished = {\url{http://www.cruden.com/virtual-reality-article.html}\CHARnodot},
	note = {(last access \printdate{2017-10-1})}
}

@misc{software:vtd,
	title = {\textsc{vtd}},
	howpublished = {\url{http://www.mscsoftware.com/product/virtual-test-drive}\CHARnodot},
	note = {(last access \printdate{2017-7-22})}
}

@misc{software:vtraffic,
	title = {\textsc{vtd} v-traffic},
	howpublished = {\url{https://vires.com/docs/v-TRAFFIC201306.pdf}\CHARnodot},
	note = {(last access \printdate{2017-7-22})}
}

@misc{software:rdbfaqs,
	title = {\textsc{rdb} \textsc{faq}s},
	howpublished = {private distribution},
	note = {(last access \printdate{2017-7-22})}
}
